
@incollection{boyd_efficient_2008,
  title = {Efficient {{One-Round Key Exchange}} in the {{Standard Model}}},
  volume = {5107},
  isbn = {978-3-540-69971-2},
  url = {http://dx.doi.org/10.1007/978-3-540-70500-0_6},
  timestamp = {2015-01-28T16:54:44Z},
  booktitle = {Information {{Security}} and {{Privacy}}},
  publisher = {{Springer Berlin Heidelberg}},
  author = {Boyd, Colin and Cliff, Yvonne and Gonzalez Nieto, Juan and Paterson, KennethG.},
  editor = {Mu, Yi and Susilo, Willy and Seberry, Jennifer},
  date = {2008},
  pages = {69--83},
  keywords = {Key exchange,standard model},
  file = {BoGo10-OneRoundGroupKeyExchangeWithForwardSecurityInStdModel.pdf.xoj:/home/vmon/.zotero/zotero/5m3ofjl7.default/zotero/storage/XARNDFW6/BoGo10-OneRoundGroupKeyExchangeWithForwardSecurityInStdModel.pdf.xoj:}
}

@online{danezis_should_????,
  title = {Should {{Group Key Agreement}} be {{Symmetric}} and {{Contributory}}?},
  url = {https://conspicuouschatter.wordpress.com/2014/06/28/should-group-key-agreement-be-symmetric-and-contributory/},
  timestamp = {2015-01-28T16:54:44Z},
  author = {Danezis, George}
}

@article{np1sec16,
  title = {(n+1)sec library for multiparty secure messaging},
  url = {https://github.com/equalitie/np1sec},
  timestamp = {2016-05-12T18:03:43Z},
  author = {{vmon}, and {others},},
  note = {tthttps://github.com/equalitie/np1sec}
}

@incollection{song_two-pass_2000,
  title = {Two-{{Pass Authenticated Key Agreement Protocol}} with {{Key Confirmation}}},
  volume = {1977},
  isbn = {978-3-540-41452-0},
  url = {http://dx.doi.org/10.1007/3-540-44495-5_21},
  timestamp = {2015-01-28T16:54:43Z},
  langid = {english},
  booktitle = {Progress in {{Cryptology}} â€”{{INDOCRYPT}} 2000},
  publisher = {{Springer Berlin Heidelberg}},
  author = {Song, Boyeon and Kim, Kwangjo},
  editor = {Roy, Bimal and Okamoto, Eiji},
  date = {2000},
  pages = {237--249}
}

@article{cheng_fault-tolerant_2013,
  title = {A fault-tolerant group key agreement protocol exploiting dynamic setting},
  volume = {26},
  timestamp = {2015-11-05T21:22:35Z},
  number = {2},
  journaltitle = {International Journal of Communication Systems},
  author = {Cheng, Zi-Yao and Liu, Yun and Chang, Chin-Chen and Guo, Cheng},
  date = {2013},
  pages = {259--275},
  file = {CLCC13-AFaultTolerantGKAExploitingDynamicSettings.pdf.xoj:/home/vmon/doc/code/cryptocat/papers/CLCC13-AFaultTolerantGKAExploitingDynamicSettings.pdf.xoj:}
}

@inproceedings{BPVY00,
  title = {Design {{Validations}} for {{Discrete Logarithm Based Signature Schemes}}},
  url = {http://dx.doi.org/10.1007/978-3-540-46588-1_19},
  doi = {10.1007/978-3-540-46588-1_19},
  timestamp = {2016-05-29T23:13:27Z},
  author = {Brickell, Ernest F. and Pointcheval, David and Vaudenay, Serge and Yung, Moti},
  date = {2000},
  pages = {276--292}
}

@inproceedings{krawczyk_skeme_1996,
  location = {{Washington, DC, USA}},
  title = {{{SKEME}}: {{A Versatile Secure Key Exchange Mechanism}} for {{Internet}}},
  isbn = {0-8186-7222-6},
  url = {http://dl.acm.org/citation.cfm?id=525423.830460},
  timestamp = {2015-01-28T16:54:43Z},
  series = {SNDSS '96},
  publisher = {{IEEE Computer Society}},
  author = {Krawczyk, H.},
  date = {1996},
  pages = {114--},
  keywords = {access protocols,anonymity,Cryptography,Internet,key distribution centers,performance,privacy issues,public key,public key cryptography,repudiatability,secure key exchange mechanism,SKEME,versatile key exchange protocol}
}

@inproceedings{alves-foss_efficient_2000,
  title = {An {{Efficient Secure Authenticated Group Key Exchange Algorithm}} for {{Large And Dynamic Groups}}},
  timestamp = {2015-01-28T16:54:43Z},
  author = {Alves-Foss, Jim},
  date = {2000},
  pages = {254--266}
}

@article{datta_protocol_2007,
  title = {Protocol {{Composition Logic}} ({{PCL}})},
  volume = {172},
  issn = {1571-0661},
  url = {http://www.sciencedirect.com/science/article/pii/S1571066107000849},
  doi = {http://dx.doi.org/10.1016/j.entcs.2007.02.012},
  abstract = {Protocol Composition Logic (PCL) is a logic for proving security properties of network protocols that use public and symmetric key cryptography. The logic is designed around a process calculus with actions for possible protocol steps including generating new random numbers, sending and receiving messages, and performing decryption and digital signature verification actions. The proof system consists of axioms about individual protocol actions and inference rules that yield assertions about protocols composed of multiple steps. Although assertions are written only using the steps of the protocol, the logic is sound in a strong sense: each provable assertion involving a sequence of actions holds in any protocol run containing the given actions and arbitrary additional actions by a malicious adversary. This approach lets us prove security properties of protocols under attack while reasoning only about the actions of honest parties in the protocol. \{PCL\} supports compositional reasoning about complex security protocols and has been applied to a number of industry standards including SSL/TLS, \{IEEE\} 802.11i and Kerberos V5.},
  timestamp = {2015-01-28T16:54:43Z},
  number = {0},
  journaltitle = {Electronic Notes in Theoretical Computer Science},
  author = {Datta, Anupam and Derek, Ante and Mitchell, John C. and Roy, Arnab},
  date = {2007},
  pages = {311 -- 358},
  note = {Computation, Meaning, and Logic: Articles dedicated to Gordon Plotkin},
  keywords = {composition},
  file = {DDMR07-PLC.pdf.xoj:/home/vmon/.zotero/zotero/5m3ofjl7.default/zotero/storage/NBEHS6MN/DDMR07-PLC.pdf.xoj:}
}

@inproceedings{bresson_provably_2001,
  location = {{Philadelphia, Pennsylvania}},
  title = {Provably {{Authenticated Group Diffie-Hellman Key Exchange}}},
  doi = {10.1145/501983.502018},
  timestamp = {2015-01-28T16:54:43Z},
  publisher = {{ACM Press}},
  author = {Bresson, Emmanuel and Chevassut, Olivier and Pointcheval, David and Quisquater, Jean-Jacques},
  editor = {Reiter, Mike},
  date = {2001},
  pages = {255--264}
}

@article{bohli_secure_2005,
  title = {Secure {{Group Key Establishment Revisited}}.},
  volume = {2005},
  url = {http://dblp.uni-trier.de/db/journals/iacr/iacr2005.html#BohliVS05a},
  timestamp = {2015-01-28T16:54:43Z},
  journaltitle = {IACR Cryptology ePrint Archive},
  author = {Bohli, Jens-Matthias and Vasco, Maria Isabel Gonzalez and Steinwandt, Rainer},
  date = {2005},
  pages = {395},
  keywords = {dblp},
  file = {BGS05-SecureGroupKeyEstablishmentRevisited.pdf.xoj:/home/vmon/.zotero/zotero/5m3ofjl7.default/zotero/storage/CHQ27RAB/BGS05-SecureGroupKeyEstablishmentRevisited.pdf.xoj:}
}

@article{McVi04,
  title = {The security and performance of the {{Galois}}/{{Counter Mode}} ({{GCM}}) of operation (full version)},
  timestamp = {2016-05-26T17:29:08Z},
  journaltitle = {URL: http://csrc. nist. gov/CryptoToolkit/modes/proposedmodes/gcmgcm-ad. pdf},
  author = {McGrew, David A and Viega, John},
  date = {2008}
}

@inproceedings{bonneau_finite-state_????,
  title = {Finite-{{State Security Analysis}} of {{OTR Version}} 2},
  timestamp = {2015-01-28T16:54:43Z},
  author = {Bonneau, Joseph and Morrison, Andrew},
  file = {BoMo05-FiniteStateSecurityAnalysisOfOTR.pdf.xoj:/home/vmon/.zotero/zotero/5m3ofjl7.default/zotero/storage/K6B8H6ZE/BoMo05-FiniteStateSecurityAnalysisOfOTR.pdf.xoj:}
}

@article{np1secdos16,
  title = {Denial of service mitigation in (n+1)sec},
  url = {https://github.com/equalitie/np1sec/blob/master/doc/dos-mitigation.pdf},
  timestamp = {2016-05-12T20:57:36Z},
  author = {{vmon} and {others}},
  note = {tthttps://github.com/equalitie/np1sec/blob/master/doc/dos-mitigation.pdf}
}

@inproceedings{raimondo_secure_2005,
  location = {{Alexandria, VA, USA}},
  title = {Secure off-the-record messaging},
  eventtitle = {Proceedings of the 2005 ACM Workshop on Privacy in the Electronic Society},
  timestamp = {2015-01-28T16:54:44Z},
  author = {Raimondo, Mario Di and Gennaro, Rosario and Krawczyk, Hugo},
  date = {2005-11-07},
  pages = {81--89},
  file = {GKR05-SecureOfftheRecordMessaging.pdf.xoj:/home/vmon/.zotero/zotero/5m3ofjl7.default/zotero/storage/U37FEIDX/GKR05-SecureOfftheRecordMessaging.pdf.xoj:}
}

@article{np1sec16,
  title = {(n+1)sec library for multiparty secure messaging},
  url = {https://github.com/equalitie/np1sec},
  timestamp = {2016-05-12T20:57:35Z},
  author = {{vmon} and {others}},
  note = {tthttps://github.com/equalitie/np1sec}
}

@book{perrin_axolotl_2014,
  title = {Axolotl ratchet},
  timestamp = {2016-04-21T13:39:14Z},
  publisher = {{Jun}},
  author = {Perrin, Trevor and Marlinspike, Moxie},
  date = {2014}
}

@online{whisper_systems_textsecure_2014,
  title = {{{TextSecure ProtocolV2}}},
  url = {https://github.com/WhisperSystems/TextSecure/wiki/ProtocolV2},
  timestamp = {2015-01-28T16:54:43Z},
  author = {{Whisper Systems}},
  urldate = {2014-03-02},
  date = {2014-03-02}
}

@software{Git11,
  title = {{{mpOTR}} implementation for {{Cryptocat}}},
  url = {https://github.com/hellais/cryptocat/tree/mpotr},
  timestamp = {2016-05-11T19:04:34Z}
}

@book{krawczyk_order_2001,
  title = {The order of encryption and authentication for protecting communications ({{Or}}: how secure is {{SSL}}?)},
  timestamp = {2015-01-28T16:54:43Z},
  author = {Krawczyk, Hugo},
  date = {2001},
  note = {Published: Cryptology ePrint Archive, Report 2001/045
http://eprint.iacr.org/},
  file = {Kr01-OrderOfEncAndAuth4ProtectingComms.pdf.xoj:/home/vmon/.zotero/zotero/5m3ofjl7.default/zotero/storage/ETS5N5UX/Kr01-OrderOfEncAndAuth4ProtectingComms.pdf.xoj:}
}

@article{zhao_efficient_2010,
  title = {An efficient fault-tolerant group key agreement protocol},
  volume = {33},
  timestamp = {2015-11-05T21:21:31Z},
  number = {7},
  journaltitle = {Computer Communications},
  author = {Zhao, Jianjie and Gu, Dawu and Li, Yali},
  date = {2010},
  pages = {890--895},
  file = {ZGL10-AnEfficientFaultTolerantGKA.pdf.xoj:/home/vmon/doc/code/cryptocat/papers/ZGL10-AnEfficientFaultTolerantGKA.pdf.xoj:}
}

@inproceedings{katz_scalable_2003,
  title = {Scalable {{Protocols}} for {{Authenticated Group Key Exchange}}},
  volume = {2729},
  url = {http://www.iacr.org/cryptodb/archive/2003/CRYPTO/1502/1502.pdf},
  doi = {10.1007/978-3-540-45146-4_7},
  timestamp = {2015-01-28T16:54:43Z},
  series = {Lecture Notes in Computer Science},
  publisher = {{Springer}},
  author = {Katz, Jonathan and Yung, Moti},
  date = {2003},
  pages = {110--125}
}

@inproceedings{Ma09,
  title = {Group {{Key Exchange Enabling On-Demand Derivation}} of {{Peer}}-to-{{Peer Keys}}},
  url = {http://dx.doi.org/10.1007/978-3-642-01957-9_1},
  doi = {10.1007/978-3-642-01957-9_1},
  timestamp = {2016-04-25T16:14:14Z},
  author = {Manulis, Mark},
  date = {2009},
  pages = {1--19},
  file = {Ma09-GKEEnableOnDemandDerviationOfP2P.pdf.xoj:/home/vmon/.zotero/zotero/5m3ofjl7.default/zotero/storage/8FXCX5TF/Ma09-GKEEnableOnDemandDerviationOfP2P.pdf.xoj:}
}

@book{krawczyk_hmqv_2005,
  title = {{{HMQV}}: {{A High-Performance Secure Diffie-Hellman Protocol}}},
  timestamp = {2015-01-28T16:54:43Z},
  author = {Krawczyk, Hugo},
  date = {2005},
  note = {Published: Cryptology ePrint Archive, Report 2005/176
http://eprint.iacr.org/}
}

@incollection{paterson2011tag,
  title = {Tag size does matter: {{Attacks}} and proofs for the {{TLS}} record protocol},
  timestamp = {2016-05-16T17:14:23Z},
  booktitle = {Advances in {{Cryptology}}--{{ASIACRYPT}} 2011},
  publisher = {{Springer}},
  author = {Paterson, Kenneth G and Ristenpart, Thomas and Shrimpton, Thomas},
  date = {2011},
  pages = {372--389},
  file = {RRS11-TagSizeDoesMatterAttackAndProofs4TLS.pdf.xoj:/refs/RRS11-TagSizeDoesMatterAttackAndProofs4TLS.pdf.xoj:}
}

@incollection{lamacchia_stronger_2007,
  title = {Stronger security of authenticated key exchange},
  timestamp = {2015-09-30T14:32:16Z},
  booktitle = {Provable {{Security}}},
  publisher = {{Springer}},
  author = {LaMacchia, Brian and Lauter, Kristin and Mityagin, Anton},
  date = {2007},
  pages = {1--16},
  file = {LLM07-StrongerSecurityOfAuthKeyExchange.pdf.xoj:/home/vmon/doc/code/cryptocat/papers/LLM07-StrongerSecurityOfAuthKeyExchange.pdf.xoj:}
}

@online{center_for_history_and_new_media_zotero_????,
  title = {Zotero {{Quick Start Guide}}},
  url = {http://zotero.org/support/quick_start_guide},
  timestamp = {2015-01-28T16:52:37Z},
  author = {{Center for History and New Media}},
  annotation = {Welcome to Zotero!View the Quick Start Guide to learn how to begin collecting, managing, citing, and sharing your research sources.Thanks for installing Zotero.}
}

@inreference{bohli_deniable_2007,
  title = {Deniable {{Group Key Agreement}}.},
  volume = {4341},
  isbn = {3-540-68799-8},
  url = {http://dblp.uni-trier.de/db/conf/vietcrypt/vietcrypt2006.html#BohliS06},
  timestamp = {2015-03-14T10:58:20Z},
  series = {Lecture Notes in Computer Science},
  publisher = {{Springer}},
  author = {Bohli, Jens-Matthias and Steinwandt, Rainer},
  editor = {Nguyen, Phong Q.},
  date = {2007-02-06/2007-02-06},
  pages = {298--311},
  keywords = {dblp},
  file = {BoSt06-DeniableGroupKeyAgreement.pdf.xoj:/home/vmon/.zotero/zotero/5m3ofjl7.default/zotero/storage/I9KX6JD8/BoSt06-DeniableGroupKeyAgreement.pdf.xoj:}
}

@inreference{kudla_modular_2005,
  title = {Modular {{Security Proofs}} for {{Key Agreement Protocols}}.},
  volume = {3788},
  isbn = {3-540-30684-6},
  url = {http://dblp.uni-trier.de/db/conf/asiacrypt/asiacrypt2005.html#KudlaP05},
  timestamp = {2015-03-14T10:58:25Z},
  series = {Lecture Notes in Computer Science},
  publisher = {{Springer}},
  author = {Kudla, Caroline and Paterson, Kenneth G.},
  editor = {Roy, Bimal K.},
  date = {2005-12-06},
  pages = {549--565},
  keywords = {dblp},
  file = {KuPa05-ModularSecProofs4KEProtocols.pdf.xoj:/home/vmon/.zotero/zotero/5m3ofjl7.default/zotero/storage/GKURPFRV/KuPa05-ModularSecProofs4KEProtocols.pdf.xoj:}
}

@inproceedings{katz_scalable_2003-1,
  title = {Scalable {{Protocols}} for {{Authenticated Group Key Exchange}}},
  volume = {2729},
  url = {http://www.iacr.org/cryptodb/archive/2003/CRYPTO/1502/1502.pdf},
  doi = {10.1007/978-3-540-45146-4_7},
  timestamp = {2015-01-28T16:54:43Z},
  series = {Lecture Notes in Computer Science},
  publisher = {{Springer}},
  author = {Katz, Jonathan and Yung, Moti},
  date = {2003},
  pages = {110--125},
  file = {KaYU03-ScalableProtocols4AuthenticatedGroupKeyExchange.pdf.xoj:/home/vmon/.zotero/zotero/5m3ofjl7.default/zotero/storage/EUXS3CAP/KaYU03-ScalableProtocols4AuthenticatedGroupKeyExchange.pdf.xoj:}
}

@inproceedings{bresson_provably_2001-1,
  location = {{Gold Coast, Australia}},
  title = {Provably {{Authenticated Group Diffie-Hellman Key Exchange}} - {{The Dynamic Case}}},
  volume = {2248},
  doi = {10.1007/3-540-45682-1_18},
  timestamp = {2015-01-28T16:54:43Z},
  series = {LNCS},
  publisher = {{Springer}},
  author = {Bresson, Emmanuel and Chevassut, Olivier and Pointcheval, David},
  editor = {Boyd, Colin},
  date = {2001},
  pages = {290--309}
}

@online{marlinspike_simplifying_????,
  title = {Simplifying {{OTR}} deniability},
  url = {https://whispersystems.org/blog/simplifying-otr-deniability/},
  timestamp = {2015-01-28T16:54:42Z},
  titleaddon = {Open Wispersystems},
  author = {Marlinspike, Moxie}
}

@book{raimondo_deniable_2006,
  title = {Deniable {{Authentication}} and {{Key Exchange}}},
  timestamp = {2015-01-28T16:54:43Z},
  author = {Raimondo, Mario Di and Gennaro, Rosario and Krawczyk, Hugo},
  date = {2006},
  note = {Published: Cryptology ePrint Archive, Report 2006/280
http://eprint.iacr.org/},
  file = {GKR06-DeniableAuthAndKeyExchange.pdf.xoj:/home/vmon/.zotero/zotero/5m3ofjl7.default/zotero/storage/74RHGHZ9/GKR06-DeniableAuthAndKeyExchange.pdf.xoj:}
}

@inproceedings{GUVGC09,
  location = {{New York, NY, USA}},
  title = {Multi-party {{Off}}-the-record {{Messaging}}},
  isbn = {978-1-60558-894-0},
  url = {http://doi.acm.org/10.1145/1653662.1653705},
  doi = {10.1145/1653662.1653705},
  timestamp = {2016-05-11T18:53:45Z},
  series = {CCS '09},
  publisher = {{ACM}},
  author = {Goldberg, Ian and Ustao\ensuremath{\backslash}uglu, Berkant and Van Gundy, Matthew D. and Chen, Hao},
  date = {2009},
  pages = {358--368},
  keywords = {deniability,instant messaging,multi-party,privacy},
  file = {GUVC09-MultipartyOfftheRecordMessaging.pdf.xoj:/home/vmon/.zotero/zotero/5m3ofjl7.default/zotero/storage/Q96K9KER/GUVC09-MultipartyOfftheRecordMessaging.pdf.xoj:}
}

@article{cheng_security_2010,
  title = {Security {{Weakness}} of {{Flexible Group Key Exchange}} with {{On-Demand Computation}} of {{Subgroup Keys}}},
  volume = {abs/1008.1221},
  url = {http://arxiv.org/abs/1008.1221},
  timestamp = {2015-09-08T20:33:24Z},
  journaltitle = {CoRR},
  author = {Cheng, Qingfeng and Ma, Chuangui},
  date = {2010},
  file = {ChMa10-SecWeaknessOfFGKEwithOnDemandCompofSubgrpKeys.pdf:/home/vmon/doc/code/cryptocat/papers/ChMa10-SecWeaknessOfFGKEwithOnDemandCompofSubgrpKeys.pdf:application/pdf}
}

@inproceedings{davis_defective_2002,
  title = {Defective {{Sign}} \& {{Encrypt}} in {{S}}/{{MIME}}, {{PKCS}}\#7, {{MOSS}}, {{PEM}}, {{PGP}}, and {{XML}}.},
  isbn = {1-880446-09-X},
  url = {http://dblp.uni-trier.de/db/conf/usenix/usenix2001g.html#Davis01},
  timestamp = {2015-01-28T16:54:43Z},
  publisher = {{USENIX}},
  author = {Davis, Don},
  editor = {Park, Yoonho},
  date = {2002-09-01/2002-09-01},
  pages = {65--78},
  keywords = {dblp}
}

@inproceedings{bellare_entity_1994,
  title = {Entity authentication and key distribution},
  timestamp = {2015-01-28T16:54:43Z},
  publisher = {{Springer}},
  author = {Bellare, Mihir and Rogaway, Phillip},
  date = {1994},
  pages = {232--249},
  file = {BeRo93-EntityAuthAndKeyDist.pdf.xoj:/home/vmon/.zotero/zotero/5m3ofjl7.default/zotero/storage/2VIN8UNF/BeRo93-EntityAuthAndKeyDist.pdf.xoj:}
}

@online{__????,
  timestamp = {2015-01-28T16:54:44Z}
}

@incollection{IOM12,
  title = {Breaking and repairing {{GCM}} security proofs},
  timestamp = {2016-05-26T18:06:36Z},
  booktitle = {Advances in {{Cryptologyâ€“CRYPTO}} 2012},
  publisher = {{Springer}},
  author = {Iwata, Tetsu and Ohashi, Keisuke and Minematsu, Kazuhiko},
  date = {2012},
  pages = {31--49},
  file = {IOM12-BreakingAndRepairingGCMSecurityProof.pdf:/home/vmon/doc/code/cryptocat/papers/IOM12-BreakingAndRepairingGCMSecurityProof.pdf:application/pdf}
}

@article{gorantla_modeling_2011,
  title = {Modeling key compromise impersonation attacks on group key exchange protocols},
  volume = {14},
  timestamp = {2015-01-28T16:54:43Z},
  number = {4},
  journaltitle = {ACM Trans. Inf. Syst. Secur.},
  author = {Gorantla, M. Choudary and Boyd, Colin and Nieto, Juan Manuel GonzÃ¡lez and Manulis, Mark},
  date = {2011},
  pages = {28},
  file = {GBG09-ModelingKeyCompromiseImpersonationAttacksOnGrpKeyExchangeProtocols.pdf.xoj:/home/vmon/.zotero/zotero/5m3ofjl7.default/zotero/storage/KZRPBPDZ/GBG09-ModelingKeyCompromiseImpersonationAttacksOnGrpKeyExchangeProtocols.pdf.xoj:}
}

@inproceedings{bernstein_elligator_2013,
  title = {Elligator: {{Elliptic}}-curve points indistinguishable from uniform random strings},
  timestamp = {2015-09-08T13:42:57Z},
  booktitle = {Proceedings of the 2013 {{ACM SIGSAC}} conference on {{Computer}} \& communications security},
  publisher = {{ACM}},
  author = {Bernstein, Daniel J and Hamburg, Mike and Krasnova, Anna and Lange, Tanja},
  date = {2013},
  pages = {967--980},
  file = {elligator-20130527.pdf:/home/vmon/doc/code/cryptocat/papers/elligator-20130527.pdf:application/pdf}
}

@article{manulis_security-focused_2006,
  title = {Security-{{Focused Survey}} on {{Group Key Exchange Protocols}}.},
  volume = {2006},
  url = {http://dblp.uni-trier.de/db/journals/iacr/iacr2006.html#Manulis06a},
  timestamp = {2015-01-28T16:54:43Z},
  journaltitle = {IACR Cryptology ePrint Archive},
  author = {Manulis, Mark},
  date = {2006},
  pages = {395},
  keywords = {dblp},
  file = {Ma06-SecurityFocusedSurveyOnGroupKeyExchangeProtocols.pdf.xoj:/home/vmon/.zotero/zotero/5m3ofjl7.default/zotero/storage/7IZSWSTK/Ma06-SecurityFocusedSurveyOnGroupKeyExchangeProtocols.pdf.xoj:}
}

@misc{Gun13a,
  title = {Improved {{Deniable Signature Key Exchange}} for {{mpOTR}}},
  url = {http://matt.singlethink.net/projects/mpotr/improved-dske.pdf},
  timestamp = {2016-05-11T18:48:06Z},
  author = {Gundy, Matthew Van},
  date = {2013-04-08},
  file = {Gu13-ImprovedDeniableSignatureKeyExchange4mpOTR.pdf.xoj:/home/vmon/.zotero/zotero/5m3ofjl7.default/zotero/storage/H4XI9XIQ/Gu13-ImprovedDeniableSignatureKeyExchange4mpOTR.pdf.xoj:}
}

@book{boyd_protocols_2010,
  edition = {1st},
  title = {Protocols for {{Authentication}} and {{Key Establishment}}},
  isbn = {3-642-07716-1 978-3-642-07716-6},
  timestamp = {2015-01-28T16:54:43Z},
  publisher = {{Springer Publishing Company, Incorporated}},
  author = {Boyd, Colin and Mathuria, Anish},
  date = {2010}
}

@article{__????-1,
  timestamp = {2015-01-28T16:54:43Z}
}

@article{np1secdiscuss16,
  title = {(n+1)sec discussion page},
  url = {https://learn.equalit.ie/wiki/Talk:Np1sec},
  timestamp = {2016-05-12T20:57:36Z},
  author = {{vmon} and {others}},
  note = {tthttps://learn.equalit.ie/wiki/Talk:Np1sec}
}

@misc{__????-2,
  timestamp = {2015-01-28T16:54:43Z}
}

@article{bresson_provably_2007,
  title = {Provably {{Secure Authenticated Group Diffie-Hellman Key Exchange}}},
  volume = {10},
  issn = {1094-9224},
  url = {http://doi.acm.org/10.1145/1266977.1266979},
  doi = {10.1145/1266977.1266979},
  timestamp = {2015-01-28T16:54:44Z},
  number = {3},
  journaltitle = {ACM Trans. Inf. Syst. Secur.},
  author = {Bresson, Emmanuel and Chevassut, Olivier and Pointcheval, David},
  date = {2007-07},
  keywords = {Cryptography,Diffieâ€“Hellman,Group Key Exchange}
}

@inproceedings{liu_improved_2013,
  location = {{New York, NY, USA}},
  title = {Improved {{Group Off}}-the-record {{Messaging}}},
  isbn = {978-1-4503-2485-4},
  url = {http://doi.acm.org/10.1145/2517840.2517867},
  doi = {10.1145/2517840.2517867},
  timestamp = {2015-01-28T16:54:43Z},
  series = {WPES '13},
  publisher = {{ACM}},
  author = {Liu, Hong and Vasserman, Eugene Y. and Hopper, Nicholas},
  date = {2013},
  pages = {249--254},
  keywords = {authentication,group communication,privacy,repudiability,robustness}
}

@inproceedings{BGB04,
  location = {{New York, NY, USA}},
  title = {Off-the-record {{Communication}}, or, {{Why Not}} to {{Use PGP}}},
  isbn = {1-58113-968-3},
  url = {http://doi.acm.org/10.1145/1029179.1029200},
  doi = {10.1145/1029179.1029200},
  timestamp = {2016-05-11T18:47:23Z},
  series = {WPES '04},
  publisher = {{ACM}},
  author = {Borisov, Nikita and Goldberg, Ian and Brewer, Eric},
  date = {2004},
  pages = {77--84},
  keywords = {deniability,perfect forward secrecy,private communication},
  file = {BBG04-OfftheRecordCommunicationOrWhyNottoUsePGP.pdf.xoj:/home/vmon/.zotero/zotero/5m3ofjl7.default/zotero/storage/JP9SEIDD/BBG04-OfftheRecordCommunicationOrWhyNottoUsePGP.pdf.xoj:}
}

@online{Pe14,
  title = {Axolotl {{Ratchet}}},
  url = {https://github.com/trevp/double_ratchet/wiki},
  timestamp = {2016-05-11T19:57:13Z},
  type = {Wiki},
  author = {{Perrin, Trevor}},
  date = {2014},
  note = {\ensuremath{\backslash}tt https://github.com/trevp/double\_ratchet/wiki},
  annotation = {https://github.com/trevp/double\_ratchet/wiki}
}

@inproceedings{BuDe94,
  title = {A secure and efficient conference key distribution system},
  timestamp = {2016-04-22T14:24:19Z},
  booktitle = {Advances in cryptologyâ€”{{EUROCRYPT}}'94},
  publisher = {{Springer}},
  author = {Burmester, Mike and Desmedt, Yvo},
  date = {1994},
  pages = {275--286}
}

@inproceedings{BDLSY11,
  title = {High-{{Speed High-Security Signatures}}.},
  volume = {6917},
  isbn = {978-3-642-23950-2},
  url = {http://dblp.uni-trier.de/db/conf/ches/ches2011.html#BernsteinDLSY11},
  timestamp = {2016-05-29T23:51:23Z},
  series = {Lecture Notes in Computer Science},
  publisher = {{Springer}},
  author = {Bernstein, Daniel J. and Duif, Niels and Lange, Tanja and Schwabe, Peter and Yang, Bo-Yin},
  editor = {Preneel, Bart and Takagi, Tsuyoshi},
  date = {2011},
  pages = {124--142},
  keywords = {dblp},
  file = {ed25519.pdf:/home/vmon/doc/code/cryptocat/papers/ed25519.pdf:application/pdf}
}

@inproceedings{CaKr01,
  title = {Analysis of {{Key-Exchange Protocols}} and {{Their Use}} for {{Building Secure Channels}}.},
  volume = {2045},
  isbn = {3-540-42070-3},
  url = {http://dblp.uni-trier.de/db/conf/eurocrypt/eurocrypt2001.html#CanettiK01},
  timestamp = {2016-04-27T19:32:22Z},
  series = {Lecture Notes in Computer Science},
  publisher = {{Springer}},
  author = {Canetti, Ran and Krawczyk, Hugo},
  editor = {Pfitzmann, Birgit},
  date = {2001},
  pages = {453--474},
  keywords = {dblp},
  file = {CaKr01-AnalyisiofKEPandTheirUse.pdf.xoj:/home/vmon/.zotero/zotero/5m3ofjl7.default/zotero/storage/DQMJ4VT8/CaKr01-AnalyisiofKEPandTheirUse.pdf.xoj:;CaKr01-AnalyisiofKEPandTheirUse-Full.pdf.xoj:/home/vmon/.zotero/zotero/5m3ofjl7.default/zotero/storage/RCQMAA3E/CaKr01-AnalyisiofKEPandTheirUse-Full.pdf.xoj:}
}

@inproceedings{ACMP10,
  location = {{Stellenbosch, South Africa}},
  title = {Flexible {{Group Key Exchange}} with {{On-Demand Computation}} of {{Subgroup Keys}}},
  volume = {6055},
  doi = {10.1007/978-3-642-12678-9_21},
  timestamp = {2016-04-22T17:03:24Z},
  series = {LNCS},
  publisher = {{Springer}},
  author = {Abdalla, Michel and Chevalier, CÃ©line and Manulis, Mark and Pointcheval, David},
  editor = {Bernstein, Dan and Lange, Tanja},
  date = {2010},
  pages = {351--368},
  file = {AbChMaPo_AFRICACRYPT10.pdf:/home/vmon/.zotero/zotero/5m3ofjl7.default/zotero/storage/3MHPGJHM/AbChMaPo_AFRICACRYPT10.pdf:application/pdf;ACMP10-FlexibleGrpKeyExchangeWithOnDemandCompOfSugrpKeys.pdf.xoj:/home/vmon/.zotero/zotero/5m3ofjl7.default/zotero/storage/URT74DSI/ACMP10-FlexibleGrpKeyExchangeWithOnDemandCompOfSugrpKeys.pdf.xoj:}
}

@incollection{McVi04,
  title = {The security and performance of the {{Galois}}/{{Counter Mode}} ({{GCM}}) of operation},
  timestamp = {2016-05-26T17:29:50Z},
  booktitle = {Progress in {{Cryptology-INDOCRYPT}} 2004},
  publisher = {{Springer}},
  author = {McGrew, David A and Viega, John},
  date = {2005},
  pages = {343--355},
  file = {McVi04-TheSecurityOfGCM.pdf.xoj:/home/vmon/doc/code/np2sec/np1sec_paper/refs/McVi04-TheSecurityOfGCM.pdf.xoj:}
}

@incollection{bellare_introduction_????,
  title = {Introduction ho {{Crypto}}},
  timestamp = {2015-01-28T16:54:43Z},
  author = {Bellare, Mihir and Rogaway, Phillip},
  file = {BeRo98-Intro2Crypto-SymmetricSchemes.pdf.xoj:/home/vmon/.zotero/zotero/5m3ofjl7.default/zotero/storage/U6XRQKUD/BeRo98-Intro2Crypto-SymmetricSchemes.pdf.xoj:}
}

@letter{Gun13b,
  title = {[{{OTR}}-dev] {{Improved Deniable Signature Key Exchange}} for {{mpOTR}}},
  url = {http://lists.cypherpunks.ca/pipermail/otr-dev/2013-March/001676.html},
  timestamp = {2016-05-11T18:48:36Z},
  type = {E-mail},
  author = {Gundy, Matthew Van},
  date = {2013-03-16}
}

@book{shoup_sequences_2004,
  title = {Sequences of games: a tool for taming complexity in security proofs},
  timestamp = {2015-01-28T16:54:43Z},
  author = {Shoup, Victor},
  date = {2004},
  file = {Sh06-SequencesOfGames.pdf.xoj:/home/vmon/.zotero/zotero/5m3ofjl7.default/zotero/storage/SPE6Q6SV/Sh06-SequencesOfGames.pdf.xoj:}
}

@article{np1sec16,
  title = {(n+1)sec library for multiparty secure messaging},
  url = {https://github.com/equalitie/np1sec},
  timestamp = {2016-05-12T18:02:05Z},
  author = {Vmon, and {andothers},},
  note = {tthttps://github.com/trevp/double\_ratchet/wiki}
}

@book{__????-3,
  timestamp = {2015-01-28T16:54:43Z}
}

@inproceedings{bresson_securing_2008,
  location = {{New York, NY, USA}},
  title = {Securing {{Group Key Exchange Against Strong Corruptions}}},
  isbn = {978-1-59593-979-1},
  url = {http://doi.acm.org/10.1145/1368310.1368347},
  doi = {10.1145/1368310.1368347},
  timestamp = {2015-01-28T16:54:44Z},
  series = {ASIACCS '08},
  publisher = {{ACM}},
  author = {Bresson, Emmanuel and Manulis, Mark},
  date = {2008},
  pages = {249--260},
  keywords = {authenticated group key exchange,contributiveness,insider attacks,mutual authentication,strong corruptions}
}

@inproceedings{LVH13,
  location = {{New York, NY, USA}},
  title = {Improved {{Group Off}}-the-record {{Messaging}}},
  isbn = {978-1-4503-2485-4},
  url = {http://doi.acm.org/10.1145/2517840.2517867},
  doi = {10.1145/2517840.2517867},
  timestamp = {2016-05-11T19:07:59Z},
  series = {WPES '13},
  publisher = {{ACM}},
  author = {Liu, Hong and Vasserman, Eugene Y. and Hopper, Nicholas},
  date = {2013},
  pages = {249--254},
  keywords = {authentication,group communication,privacy,repudiability,robustness},
  file = {LVH13-ImprovedGOTR.pdf.xoj:/home/vmon/.zotero/zotero/5m3ofjl7.default/zotero/storage/BRC7MC53/LVH13-ImprovedGOTR.pdf.xoj:}
}

@inproceedings{UDBFPG15,
  title = {{{SoK}}: {{Secure Messaging}}},
  timestamp = {2016-04-21T15:20:43Z},
  booktitle = {Security and {{Privacy}} ({{SP}}), 2015 {{IEEE Symposium}} on},
  publisher = {{IEEE}},
  author = {Unger, Nik and Dechand, Sergej and Bonneau, Joseph and Fahl, Sascha and Perl, Henning and Goldberg, Ian and Smith, Matthew},
  date = {2015},
  pages = {232--249}
}

@book{gorantla_one_2010,
  title = {One {{Round Group Key Exchange}} with {{Forward Security}} in the {{Standard Model}}},
  timestamp = {2015-01-28T16:54:43Z},
  author = {Gorantla, M. Choudary and Boyd, Colin and Nieto, Juan Manuel GonzÃ¡lez},
  date = {2010},
  note = {Published: Cryptology ePrint Archive, Report 2010/083
http://eprint.iacr.org/},
  file = {BoGo10-OneRoundGroupKeyExchangeWithForwardSecurityInStdModel.pdf.xoj:/home/vmon/.zotero/zotero/5m3ofjl7.default/zotero/storage/54S4UEIT/BoGo10-OneRoundGroupKeyExchangeWithForwardSecurityInStdModel.pdf.xoj:}
}

@article{np1seclearn16,
  title = {(n+1)sec specification},
  url = {https://learn.equalit.ie/wiki/Np1sec},
  timestamp = {2016-05-12T20:58:25Z},
  author = {{vmon} and {others}},
  note = {tthttps://learn.equalit.ie/wiki/Np1sec}
}

@incollection{JKSS12,
  title = {On the security of {{TLS-DHE}} in the standard model},
  timestamp = {2016-05-15T01:50:55Z},
  booktitle = {Advances in {{Cryptology}}--{{CRYPTO}} 2012},
  publisher = {{Springer}},
  author = {Jager, Tibor and Kohlar, Florian and SchÃ¤ge, Sven and Schwenk, JÃ¶rg},
  date = {2012},
  pages = {273--293},
  file = {JKSS12-OnSecOfTLS-DHEinStdMod.pdf.xoj:/refs/JKSS12-OnSecOfTLS-DHEinStdMod.pdf.xoj:}
}

@article{BHMS15,
  title = {From {{Stateless}} to {{Stateful}}: {{Generic Authentication}} and {{Authenticated Encryption Constructions}} with {{Application}} to {{TLS}}},
  timestamp = {2016-05-16T16:48:56Z},
  author = {Boyd, Colin and Hale, Britta and MjÃ¸lsnes, Stig Frode and Stebila, Douglas},
  date = {2015},
  file = {BHMS15-StatelessToStateful-GenericAuthAnAEConstruct.pdf.xoj:/refs/BHMS15-StatelessToStateful-GenericAuthAnAEConstruct.pdf.xoj:}
}

@inproceedings{kim_constant-round_2004,
  title = {Constant-{{Round Authenticated Group Key Exchange}} for {{Dynamic Groups}}},
  timestamp = {2015-01-28T16:54:43Z},
  publisher = {{Springer}},
  author = {Kim, Hyun-jeong and Lee, Su-mi and Lee, Dong Hoon},
  date = {2004},
  pages = {245--259},
  file = {KLL04-ConstantRoundAuthGrpKeyExchange4DynGrps.pdf.xoj:/home/vmon/.zotero/zotero/5m3ofjl7.default/zotero/storage/VIEX6QI6/KLL04-ConstantRoundAuthGrpKeyExchange4DynGrps.pdf.xoj:}
}

@article{krawczyk_security_2013,
  title = {On the {{Security}} of the {{TLS Protocol}}: {{A Systematic Analysis}}},
  volume = {2013},
  url = {http://eprint.iacr.org/2013/339},
  timestamp = {2015-01-28T16:54:43Z},
  journaltitle = {IACR Cryptology ePrint Archive},
  author = {Krawczyk, Hugo and Paterson, Kenneth G. and Wee, Hoeteck},
  date = {2013},
  pages = {339},
  file = {KPW13-OnSecOfTLS.pdf.xoj:/home/vmon/.zotero/zotero/5m3ofjl7.default/zotero/storage/J9KXK3HE/KPW13-OnSecOfTLS.pdf.xoj:}
}

@online{center_for_history_and_new_media_zotero_????-1,
  title = {Zotero {{Quick Start Guide}}},
  url = {http://zotero.org/support/quick_start_guide},
  timestamp = {2015-01-28T16:54:43Z},
  author = {{Center for History and New Media}},
  annotation = {Welcome to Zotero!
View the Quick Start Guide to learn how to begin collecting, managing, citing, and sharing your research sources.
Thanks for installing Zotero.}
}

@comment{jabref-meta: groupsversion:3;}
@comment{jabref-meta: groupstree:
0 AllEntriesGroup:;
1 ExplicitGroup:np1sec_biblio\;0\;marlinspike_simplifying_????\;datta_
protocol_2007\;manulis_security-focused_2006\;bellare_introduction_???
?\;shoup_sequences_2004\;bohli_deniable_2007\;LVH13\;boyd_protocols_20
10\;bohli_secure_2005\;CaKr01\;katz_scalable_2003\;alves-foss_efficien
t_2000\;BPVY00\;bresson_provably_2001-1\;center_for_history_and_new_me
dia_zotero_????-1\;BGB04\;krawczyk_hmqv_2005\;BDLSY11\;krawczyk_order_
2001\;katz_scalable_2003-1\;liu_improved_2013\;Gun13a\;gorantla_one_20
10\;raimondo_deniable_2006\;Gun13b\;davis_defective_2002\;song_two-pas
s_2000\;whisper_systems_textsecure_2014\;bellare_entity_1994\;krawczyk
_security_2013\;bonneau_finite-state_????\;kim_constant-round_2004\;kr
awczyk_skeme_1996\;gorantla_modeling_2011\;kudla_modular_2005\;bresson
_provably_2001\;Pe14\;Ma09\;bresson_securing_2008\;boyd_efficient_2008
\;raimondo_secure_2005\;bresson_provably_2007\;ACMP10\;danezis_should_
????\;GUVGC09\;bernstein_elligator_2013\;cheng_security_2010\;lamacchi
a_stronger_2007\;McVi04\;IOM12\;McVi04\;zhao_efficient_2010\;cheng_fau
lt-tolerant_2013\;UDBFPG15\;perrin_axolotl_2014\;BuDe94\;Git11\;np1sec
16\;np1seclearn16\;np1secdos16\;np1secdiscuss16\;JKSS12\;BHMS15\;pater
son2011tag\;;
2 ExplicitGroup:mpOTR\;0\;marlinspike_simplifying_????\;datta_protocol
_2007\;manulis_security-focused_2006\;bellare_introduction_????\;shoup
_sequences_2004\;bohli_deniable_2007\;LVH13\;boyd_protocols_2010\;bohl
i_secure_2005\;CaKr01\;alves-foss_efficient_2000\;BPVY00\;bresson_prov
ably_2001-1\;BGB04\;BDLSY11\;krawczyk_order_2001\;katz_scalable_2003-1
\;Gun13a\;gorantla_one_2010\;raimondo_deniable_2006\;Gun13b\;davis_def
ective_2002\;song_two-pass_2000\;whisper_systems_textsecure_2014\;bell
are_entity_1994\;krawczyk_security_2013\;bonneau_finite-state_????\;ki
m_constant-round_2004\;krawczyk_skeme_1996\;gorantla_modeling_2011\;ku
dla_modular_2005\;bresson_provably_2001\;Pe14\;Ma09\;bresson_securing_
2008\;boyd_efficient_2008\;raimondo_secure_2005\;bresson_provably_2007
\;ACMP10\;danezis_should_????\;GUVGC09\;;
1 ExplicitGroup:mpOTR\;0\;marlinspike_simplifying_????\;datta_protocol
_2007\;manulis_security-focused_2006\;bellare_introduction_????\;shoup
_sequences_2004\;bohli_deniable_2007\;LVH13\;boyd_protocols_2010\;bohl
i_secure_2005\;CaKr01\;alves-foss_efficient_2000\;BPVY00\;bresson_prov
ably_2001-1\;BGB04\;BDLSY11\;krawczyk_order_2001\;katz_scalable_2003-1
\;Gun13a\;gorantla_one_2010\;raimondo_deniable_2006\;Gun13b\;davis_def
ective_2002\;song_two-pass_2000\;whisper_systems_textsecure_2014\;bell
are_entity_1994\;krawczyk_security_2013\;bonneau_finite-state_????\;ki
m_constant-round_2004\;krawczyk_skeme_1996\;gorantla_modeling_2011\;ku
dla_modular_2005\;bresson_provably_2001\;Pe14\;Ma09\;bresson_securing_
2008\;boyd_efficient_2008\;raimondo_secure_2005\;bresson_provably_2007
\;ACMP10\;danezis_should_????\;GUVGC09\;;
}

