@misc{irc,
  author="J. Oikarinen and D. Reed",
  title="{Internet Relay Chat Protocol}",
  series="Request for Comments",
  number="1459",
  howpublished="RFC 1459 (Experimental)",
  publisher="IETF",
  organization="Internet Engineering Task Force",
  year=1993,
  month=may,
    note="Updated by RFCs 2810, 2811, 2812, 2813, 7194",
  url="http://www.ietf.org/rfc/rfc1459.txt",
}


@misc{jabber,
  author="P. Saint-Andre",
  title="{Multi-User Chat}",
  series="XSF XEP",
  number="0045",
  howpublished="XMPP Standards Foundation XEP 0045",
  publisher="XMPP Standards Foundation",
  organization="XMPP Standards Foundation",
  year=1999,
  url="http://xmpp.org/extensions/xep-0045.html",
}


@inproceedings{otr,
 author = {Borisov, Nikita and Goldberg, Ian and Brewer, Eric},
 title = {Off-the-record Communication, or, Why Not to Use PGP},
 booktitle = {Proceedings of the 2004 ACM Workshop on Privacy in the Electronic Society},
 series = {WPES '04},
 year = {2004},
 isbn = {1-58113-968-3},
 location = {Washington DC, USA},
 pages = {77--84},
 numpages = {8},
 url = {http://doi.acm.org/10.1145/1029179.1029200},
 doi = {10.1145/1029179.1029200},
 acmid = {1029200},
 publisher = {ACM},
 address = {New York, NY, USA},
 keywords = {deniability, perfect forward secrecy, private communication},
} 


